@inproceedings{Akyon2022Slicing,
  author    = {Fatih Cagatay Akyon and Sezgin Onur Altinuc and A. Temizel},
  title     = {Slicing Aided Hyper Inference and Fine-Tuning for Small Object Detection},
  booktitle = {2022 IEEE International Conference on Image Processing (ICIP)},
  pages     = {966--970},
  year      = {2022},
  doi       = {10.1109/ICIP46576.2022.9897990},
  url       = {https://ieeexplore.ieee.org/document/9897990},
  note      = {Accessed 2024 Sep 8}
}

@article{Alciatore2021Immune,
  author  = {Giorgia Alciatore and Line V. Ugelvig and Etienne Frank and Jean Bidaux and Adva Gal and Thomas Schmitt and Daniel J. C. Kronauer and Yuko Ulrich},
  title   = {Immune challenges increase network centrality in a queenless ant},
  journal = {Proceedings of the Royal Society B: Biological Sciences},
  volume  = {288},
  number  = {1958},
  pages   = {20211456},
  year    = {2021},
  doi     = {10.1098/rspb.2021.1456}
}

@article{BereciartuaPerez2023Multiclass,
  author  = {A. Bereciartua-P{\'e}rez and L. G{\'o}mez and A. Pic{\'o}n and R. Navarra-Mestre and C. Klukas and T. Eggers},
  title   = {Multiclass insect counting through deep learning-based density maps estimation},
  journal = {Smart Agricultural Technology},
  volume  = {3},
  pages   = {100125},
  year    = {2023},
  doi     = {10.1016/j.atech.2022.100125}
}

@article{Das2024Model,
  author  = {M. Das and G. Ferreira and C. P. J. Chen},
  title   = {A Model Generalization Study in Localizing Indoor Cows with COw LOcalization (COLO) Dataset},
  journal = {arXiv preprint arXiv:2407.20372},
  year    = {2024},
  url     = {http://arxiv.org/abs/2407.20372},
  doi     = {10.48550/arXiv.2407.20372},
  note    = {Accessed 2024 Oct 8}
}

@inproceedings{Deng2009ImageNet,
  author    = {Jia Deng and Wei Dong and Richard Socher and Li-Jia Li and Kai Li and Li Fei-Fei},
  title     = {ImageNet: A large-scale hierarchical image database},
  booktitle = {2009 IEEE Conference on Computer Vision and Pattern Recognition},
  pages     = {248--255},
  year      = {2009},
  doi       = {10.1109/CVPR.2009.5206848}
}

@article{Du2023Foraging,
  author  = {Chunxiao Du and Hui Lyu and Ling Wang and Lin Mao and Lili Li and Xueqing Yang and Cheng Wang},
  title   = {Foraging Behaviors of Red Imported Fire Ants (Hymenoptera: Formicidae) in Response to Bait Containing Different Concentrations of Fipronil, Abamectin, or Indoxacarb},
  journal = {Insects},
  volume  = {14},
  number  = {11},
  pages   = {852},
  year    = {2023},
  doi     = {10.3390/insects14110852}
}

@article{Everingham2010Pascal,
  author  = {Mark Everingham and Luc Van Gool and Christopher K. I. Williams and John Winn and Andrew Zisserman},
  title   = {The Pascal Visual Object Classes (VOC) Challenge},
  journal = {International Journal of Computer Vision},
  volume  = {88},
  number  = {2},
  pages   = {303--338},
  year    = {2010},
  doi     = {10.1007/s11263-009-0275-4}
}

@article{Galante2024Acute,
  author  = {H. Galante and M. De Agr{\`o} and A. Koch and S. Kau and T. J. Czaczkes},
  title   = {Acute exposure to caffeine improves foraging in an invasive ant},
  journal = {iScience},
  volume  = {27},
  number  = {6},
  pages   = {109935},
  year    = {2024},
  doi     = {10.1016/j.isci.2024.109935}
}

@article{Hong2021Automatic,
  author  = {Seung-Jun Hong and Inyoung Nam and Sung-Yeon Kim and Eun Kim and Chang-Ho Lee and Sukjae Ahn and In-Kyoung Park and Gihun Kim},
  title   = {Automatic Pest Counting from Pheromone Trap Images Using Deep Learning Object Detectors for \emph{Matsucoccus thunbergianae} Monitoring},
  journal = {Insects},
  volume  = {12},
  number  = {4},
  pages   = {342},
  year    = {2021},
  doi     = {10.3390/insects12040342}
}

@article{Hsu2018Viral,
  author  = {Hsiu-Wen Hsu and Ming-Chung Chiu and DeWayne Shoemaker and Chiung-Chih Shan Yang},
  title   = {Viral infections in fire ants lead to reduced foraging activity and dietary changes},
  journal = {Scientific Reports},
  volume  = {8},
  number  = {1},
  pages   = {13498},
  year    = {2018},
  doi     = {10.1038/s41598-018-31969-3}
}

@misc{Jocher2023YOLO,
  author       = {Glenn Jocher and Ayush Chaurasia and Jing Qiu},
  title        = {YOLO by Ultralytics},
  year         = {2023},
  howpublished = {\url{https://github.com/ultralytics/ultralytics}},
  note         = {Accessed 2023 Sep 6}
}

@article{Kingma2017Adam,
  author  = {Diederik P. Kingma and Jimmy Ba},
  title   = {Adam: A Method for Stochastic Optimization},
  journal = {arXiv preprint arXiv:1412.6980},
  year    = {2017},
  doi     = {10.48550/arXiv.1412.6980},
  url     = {http://arxiv.org/abs/1412.6980},
  note    = {Accessed 2023 Jun 4}
}

@inproceedings{Lin2014Microsoft,
  author    = {Tsung-Yi Lin and Michael Maire and Serge Belongie and Lubomir D. Bourdev and Ross B. Girshick and James Hays and Pietro Perona and Deva Ramanan and Piotr Doll{\'a}r and C. Lawrence Zitnick},
  title     = {Microsoft {COCO}: Common Objects in Context},
  booktitle = {European Conference on Computer Vision (ECCV)},
  pages     = {740--755},
  year      = {2014},
  doi       = {10.1007/978-3-319-10602-1\_48},
  url       = {http://arxiv.org/abs/1405.0312}
}

@article{Parker2020Using,
  author  = {Chris Parker and Matthew Meador and John P. Hoover},
  title   = {Using Digital Image Analysis to Quantify Small Arthropod Vectors},
  journal = {Journal of Medical Entomology},
  volume  = {57},
  number  = {5},
  pages   = {1671--1674},
  year    = {2020},
  doi     = {10.1093/jme/tjaa072}
}

@article{Parr2022Response,
  author  = {Catherine L. Parr and Trevor R. Bishop},
  title   = {The response of ants to climate change},
  journal = {Global Change Biology},
  volume  = {28},
  number  = {10},
  pages   = {3188--3205},
  year    = {2022},
  doi     = {10.1111/gcb.16140}
}

@article{Reeves2019Evolution,
  author  = {DeAnna D. Reeves and Corrie S. Moreau},
  title   = {The evolution of foraging behavior in ants (Hymenoptera: Formicidae)},
  journal = {Arthropod Systematics \& Phylogeny},
  volume  = {77},
  number  = {2},
  pages   = {351--363},
  year    = {2019},
  doi     = {10.26049/ASP77-2-2019-10}
}

@article{Saradopoulos2023Image,
  author  = {Ioannis Saradopoulos and Ioannis Potamitis and Andreas I. Konstantaras and Panagiotis Eliopoulos and Stavros Ntalampiras and Ioannis Rigakis},
  title   = {Image-Based Insect Counting Embedded in E-Traps That Learn without Manual Image Annotation and Self-Dispose Captured Insects},
  journal = {Information},
  volume  = {14},
  number  = {5},
  pages   = {267},
  year    = {2023},
  doi     = {10.3390/info14050267}
}

@article{Smythe2020Using,
  author  = {Brandon Smythe and Dan Boxler and Greg Brewer and Eric Psota and D. Wes Watson},
  title   = {Using Visual and Digital Imagery to Quantify Horn Fly (Diptera: Muscidae) Densities},
  journal = {Journal of Insect Science},
  volume  = {20},
  number  = {6},
  pages   = {16},
  year    = {2020},
  doi     = {10.1093/jisesa/ieaa110}
}

@article{Sola2016Feeding,
  author  = {Francisco J. Sola and Roxana Josens},
  title   = {Feeding behavior and social interactions of the Argentine ant \emph{Linepithema humile} change with sucrose concentration},
  journal = {Bulletin of Entomological Research},
  volume  = {106},
  number  = {4},
  pages   = {522--529},
  year    = {2016},
  doi     = {10.1017/S0007485316000201}
}

@article{Terven2023Comprehensive,
  author  = {Jes{\'u}s Terven and David-Miguel C{\'o}rdova-Esparza and Juan-Antonio Romero-Gonz{\'a}lez},
  title   = {A Comprehensive Review of YOLO Architectures in Computer Vision: From YOLOv1 to YOLOv8 and YOLO-NAS},
  journal = {Machine Learning and Knowledge Extraction},
  volume  = {5},
  number  = {4},
  pages   = {1680--1716},
  year    = {2023},
  doi     = {10.3390/make5040083}
}

@article{Thiel2016Sublethal,
  author  = {S. Thiel and Heinz-R. K{\"o}hler},
  title   = {A sublethal imidacloprid concentration alters foraging and competition behaviour of ants},
  journal = {Ecotoxicology},
  volume  = {25},
  number  = {4},
  pages   = {814--823},
  year    = {2016},
  doi     = {10.1007/s10646-016-1638-6}
}

@article{Wang2022YOLOv7,
  author  = {Chien-Yao Wang and Alexey Bochkovskiy and Hong-Yuan Mark Liao},
  title   = {{YOLOv7}: Trainable bag-of-freebies sets new state-of-the-art for real-time object detectors},
  journal = {arXiv preprint arXiv:2207.02696},
  year    = {2022},
  url     = {http://arxiv.org/abs/2207.02696},
  note    = {Accessed 2024 Oct 8}
}
